@inproceedings{RandShellSort,
 author = {Goodrich, Michael T.},
 title = {Randomized {S}hellsort: {A} {S}imple {O}blivious {S}orting {A}lgorithm},
 booktitle = {Proceedings of the Twenty-first Annual ACM-SIAM Symposium on Discrete Algorithms},
 series = {SODA '10},
 year = {2010},
 isbn = {978-0-898716-98-6},
 pages = {1262--1277},
 numpages = {16},
 url = {http://dl.acm.org/citation.cfm?id=1873601.1873702},
 acmid = {1873702},
} 

@article{AnnealingSort,
year={2014},
issn={0178-4617},
journal={Algorithmica},
volume={68},
number={4},
doi={10.1007/s00453-012-9696-5},
title={Spin-the-{B}ottle {S}ort and {A}nnealing {S}ort: {O}blivious {S}orting via {R}ound-{R}obin {R}andom {C}omparisons},
url={http://dx.doi.org/10.1007/s00453-012-9696-5},
author={Goodrich, Michael T.},
pages={835-858},
language={English}
}


@inproceedings{ZigZag,
 author = {Goodrich, Michael T.},
 title = {Zig-zag {S}ort: {A} {S}imple {D}eterministic {D}ata-oblivious {S}orting {A}lgorithm {R}unning in {$O(N \log N)$} {T}ime},
 booktitle = {Proceedings of the 46th Annual ACM Symposium on Theory of Computing},
 series = {STOC '14},
 year = {2014},
 isbn = {978-1-4503-2710-7},
 pages = {684--693},
 numpages = {10},
 url = {http://doi.acm.org/10.1145/2591796.2591830},
 doi = {10.1145/2591796.2591830},
 acmid = {2591830},
} 

@inproceedings{AKS,
 author = {Ajtai, Mikl\'{o}s and Koml\'{o}s, J\'{a}nos  and Szemer{\'e}di, Endre},
 title = {An {$O(N \log N)$} {S}orting {N}etwork},
 booktitle = {Proceedings of the Fifteenth Annual ACM Symposium on Theory of Computing},
 series = {STOC '83},
 year = {1983},
 isbn = {0-89791-099-0},
 pages = {1--9},
 numpages = {9},
 url = {http://doi.acm.org/10.1145/800061.808726},
 doi = {10.1145/800061.808726},
 acmid = {808726},
}

@article{SNSimplified,
 author = {Seiferas, Joel},
 title = {Sorting {N}etworks of {L}ogarithmic {D}epth, {F}urther {S}implified},
 journal = {Algorithmica},
 issue_date = {February 2009},
 volume = {53},
 number = {3},
 month = feb,
 year = {2009},
 issn = {0178-4617},
 pages = {374--384},
 numpages = {11},
 url = {http://dx.doi.org/10.1007/s00453-007-9025-6},
 doi = {10.1007/s00453-007-9025-6},
 acmid = {1529860},
} 


@inproceedings{SNApplications,
 author = {Batcher, Kenneth E.},
 title = {Sorting {N}etworks and {T}heir {A}pplications},
 booktitle = {Proceedings of the April 30--May 2, 1968, Spring Joint Computer Conference},
 series = {AFIPS '68 (Spring)},
 year = {1968},
 pages = {307--314},
 numpages = {8},
 url = {http://doi.acm.org/10.1145/1468075.1468121},
 doi = {10.1145/1468075.1468121},
 acmid = {1468121},
} 

@inproceedings{GraphGeoOblivious,
 author = {Eppstein, David and Goodrich, Michael T. and Tamassia, Roberto},
 title = {Privacy-preserving {D}ata-oblivious {G}eometric {A}lgorithms for {G}eographic {D}ata},
 booktitle = {Proceedings of the 18th SIGSPATIAL International Conference on Advances in Geographic Information Systems},
 series = {GIS '10},
 year = {2010},
 isbn = {978-1-4503-0428-3},
 location = {San Jose, California},
 pages = {13--22},
 numpages = {10},
 url = {http://doi.acm.org/10.1145/1869790.1869796},
 doi = {10.1145/1869790.1869796},
 acmid = {1869796},
 publisher = {ACM},
 address = {New York, NY, USA},
 keywords = {all nearest neighbors, closest pairs, compressed quadtrees, convex hulls, data-oblivious algorithms, secure multi-party computations, well-separated pairs decomposition},
} 

@book{DesigningSortingNetworks,
  title={Designing {S}orting {N}etworks},
  author={Baddar, Sherenaz W. Al-Haj and Batcher, Kenneth E.},
  year={2011},
  publisher={Springer}
}

@article{ShakerSort,
 author = {Incerpi, Janet and Sedgewick, Robert},
 title = {Practical {V}ariations of {S}hellsort},
 journal = {Inf. Process. Lett.},
 issue_date = {15 Sept. 1987},
 volume = {26},
 number = {1},
 month = sep,
 year = {1987},
 issn = {0020-0190},
 pages = {37--43},
 numpages = {7},
 url = {http://dx.doi.org/10.1016/0020-0190(87)90034-2},
 doi = {10.1016/0020-0190(87)90034-2},
 acmid = {33332},
}

@article{SIMDSort,
 author = {Chhugani, Jatin and Nguyen, Anthony D. and Lee, Victor W. and Macy, William and Hagog, Mostafa and Chen, Yen-Kuang and Baransi, Akram and Kumar, Sanjeev and Dubey, Pradeep},
 title = {Efficient {I}mplementation of {S}orting on {M}ulti-core {SIMD} {CPU} {A}rchitecture},
 journal = {Proc. VLDB Endow.},
 issue_date = {August 2008},
 volume = {1},
 number = {2},
 month = aug,
 year = {2008},
 issn = {2150-8097},
 pages = {1313--1324},
 numpages = {12},
 url = {http://dx.doi.org/10.14778/1454159.1454171},
 doi = {10.14778/1454159.1454171},
 acmid = {1454171},
} 

@inproceedings{NewSIMD,
 author = {Xiaochen, Tian and Rocki, Kamil and Suda, Reiji},
 title = {Register {L}evel {S}ort {A}lgorithm on {M}ulti-core {SIMD} {P}rocessors},
 booktitle = {Proceedings of the 3rd Workshop on Irregular Applications: Architectures and Algorithms},
 series = {$IA^3$ '13},
 year = {2013},
 isbn = {978-1-4503-2503-5},
 pages = {9:1--9:8},
 articleno = {9},
 numpages = {8},
 url = {http://doi.acm.org/10.1145/2535753.2535762},
 doi = {10.1145/2535753.2535762},
 acmid = {2535762},
}

@inproceedings{ShellsortRelated,
 author = {Sedgewick, Robert},
 title = {Analysis of {S}hellsort and {R}elated {A}lgorithms},
 booktitle = {Proceedings of the Fourth Annual European Symposium on Algorithms},
 series = {ESA '96},
 year = {1996},
 isbn = {3-540-61680-2},
 pages = {1--11},
 numpages = {11},
 url = {http://dl.acm.org/citation.cfm?id=647906.739656},
 acmid = {739656},
} 

@inproceedings{OldSIMD,
 author = {Furtak, Timothy and Amaral, Jos{\'e} Nelson and Niewiadomski, Robert},
 title = {Using {SIMD} {R}egisters and {I}nstructions to {E}nable {I}nstruction-level {P}arallelism in {S}orting {A}lgorithms},
 booktitle = {Proceedings of the Nineteenth Annual ACM Symposium on Parallel Algorithms and Architectures},
 series = {SPAA '07},
 year = {2007},
 isbn = {978-1-59593-667-7},
 pages = {348--357},
 numpages = {10},
 url = {http://doi.acm.org/10.1145/1248377.1248436},
 doi = {10.1145/1248377.1248436},
 acmid = {1248436},
}

@inproceedings{ObliviousExternal,
 author = {Goodrich, Michael T.},
 title = {Data-oblivious {E}xternal-memory {A}lgorithms for the {C}ompaction, {S}election, and {S}orting of {O}utsourced {D}ata},
 booktitle = {Proceedings of the Twenty-third Annual ACM Symposium on Parallelism in Algorithms and Architectures},
 series = {SPAA '11},
 year = {2011},
 isbn = {978-1-4503-0743-7},
 pages = {379--388},
 numpages = {10},
 url = {http://doi.acm.org/10.1145/1989493.1989555},
 doi = {10.1145/1989493.1989555},
 acmid = {1989555},
} 

@phdthesis{PrattThesis,
 author = {Pratt, Vaughan Ronald},
 title = {Shellsort and {S}orting {N}etworks},
 year = {1972},
 note = {AAI7216773},
 school = {Stanford University}
}

@inproceedings{ObliviousGraph,
 author = {Blanton, Marina and Steele, Aaron and Alisagari, Mehrdad},
 title = {Data-oblivious {G}raph {A}lgorithms for {S}ecure {C}omputation and {O}utsourcing},
 booktitle = {Proceedings of the 8th ACM SIGSAC Symposium on Information, Computer and Communications Security},
 series = {ASIA CCS '13},
 year = {2013},
 isbn = {978-1-4503-1767-2},
 pages = {207--218},
 numpages = {12},
 url = {http://doi.acm.org/10.1145/2484313.2484341},
 doi = {10.1145/2484313.2484341},
 acmid = {2484341},
}

@article{Shellsort,
 author = {Shell, Donald L.},
 title = {A {H}igh-speed {S}orting {P}rocedure},
 journal = {Commun. ACM},
 issue_date = {July 1959},
 volume = {2},
 number = {7},
 month = {jul},
 year = {1959},
 issn = {0001-0782},
 pages = {30--32},
 numpages = {3},
 url = {http://doi.acm.org/10.1145/368370.368387},
 doi = {10.1145/368370.368387},
 acmid = {368387},
} 

@inproceedings{BubbleSort,
 author = {Astrachan, Owen},
 title = {Bubble {S}ort: {A}n {A}rchaeological {A}lgorithmic {A}nalysis},
 booktitle = {Proceedings of the 34th SIGCSE Technical Symposium on Computer Science Education},
 series = {SIGCSE '03},
 year = {2003},
 isbn = {1-58113-648-X},
 location = {Reno, Navada, USA},
 pages = {1--5},
 numpages = {5},
 url = {http://doi.acm.org/10.1145/611892.611918},
 doi = {10.1145/611892.611918},
 acmid = {611918},
}

@article{BadShaker,
 author = {Weiss, Mark A. and Sedgewick, Robert},
 title = {Bad {C}ases for {S}haker-sort},
 journal = {Inf. Process. Lett.},
 issue_date = {July 4, 1988},
 volume = {28},
 number = {3},
 month = jul,
 year = {1988},
 issn = {0020-0190},
 pages = {133--136},
 numpages = {4},
 url = {http://dx.doi.org/10.1016/0020-0190(88)90158-5},
 doi = {10.1016/0020-0190(88)90158-5},
 acmid = {49226},
} 

@article{SimulatedAnnealing,
    author = {Kirkpatrick, Scott and Gelatt, C. Daniel and Vecchi, Mario P.},
    title = {Optimization by {S}imulated {A}nnealing},
    journal = {SCIENCE},
    year = {1983},
    volume = {220},
    number = {4598},
    pages = {671--680}
}

@inproceedings{AASort,
 author = {Inoue, Hiroshi and Moriyama, Takao and Komatsu, Hideaki and Nakatani, Toshio},
 title = {{AA}-{S}ort: {A} {N}ew {P}arallel {S}orting {A}lgorithm for {M}ulti-{C}ore {SIMD} {P}rocessors},
 booktitle = {Proceedings of the 16th International Conference on Parallel Architecture and Compilation Techniques},
 series = {PACT '07},
 year = {2007},
 isbn = {0-7695-2944-5},
 pages = {189--198},
 numpages = {10},
 url = {http://dx.doi.org/10.1109/PACT.2007.12},
 doi = {10.1109/PACT.2007.12},
 acmid = {1299047},
} 

@inproceedings{FastGPU,
 author = {Satish, Nadathur and Kim, Changkyu and Chhugani, Jatin and Nguyen, Anthony D. and Lee, Victor W. and Kim, Daehyun and Dubey, Pradeep},
 title = {Fast {S}ort on {CPU}s and {GPU}s: {A} {C}ase for {B}andwidth {O}blivious {SIMD} {S}ort},
 booktitle = {Proceedings of the 2010 ACM SIGMOD International Conference on Management of Data},
 series = {SIGMOD '10},
 year = {2010},
 isbn = {978-1-4503-0032-2},
 location = {Indianapolis, Indiana, USA},
 pages = {351--362},
 numpages = {12},
 url = {http://doi.acm.org/10.1145/1807167.1807207},
 doi = {10.1145/1807167.1807207},
 acmid = {1807207},
 keywords = {buffer, databases, many-core, merge, merge network, performance, radix, simd, sorting, tlp},
}
 
@inproceedings{GPUTeraSort,
 author = {Govindaraju, Naga and Gray, Jim and Kumar, Ritesh and Manocha, Dinesh},
 title = {{GPUT}era{S}ort: {H}igh {P}erformance {G}raphics {C}o-processor {S}orting for {L}arge {D}atabase {M}anagement},
 booktitle = {Proceedings of the 2006 ACM SIGMOD International Conference on Management of Data},
 series = {SIGMOD '06},
 year = {2006},
 isbn = {1-59593-434-0},
 location = {Chicago, IL, USA},
 pages = {325--336},
 numpages = {12},
 url = {http://doi.acm.org/10.1145/1142473.1142511},
 doi = {10.1145/1142473.1142511},
 acmid = {1142511},
}
 
@article{PeriodicSortingNetwork,
 author = {Dowd, Martin and Perl, Yehoshua and Rudolph, Larry and Saks, Michael},
 title = {The {P}eriodic {B}alanced {S}orting {N}etwork},
 journal = {J. ACM},
 issue_date = {Oct. 1989},
 volume = {36},
 number = {4},
 month = oct,
 year = {1989},
 issn = {0004-5411},
 pages = {738--757},
 numpages = {20},
 url = {http://doi.acm.org/10.1145/76359.76362},
 doi = {10.1145/76359.76362},
 acmid = {76362},
} 

@inproceedings{OddEvenOpenCL,
  title={Gpu {A}ccelerate {P}arallel {O}dd-even {M}erge {S}ort: An {O}pen{CL} {M}ethod},
  author={Zhang, Keliang and Li, Jiajia and Chen, Gang and Wu, Baifeng},
  booktitle={Computer Supported Cooperative Work in Design (CSCWD), 2011 15th International Conference on},
  pages={76--83},
  year={2011},
  organization={IEEE}
}

@inproceedings{ObliviousRam,
 author = {Goldreich, O.},
 title = {Towards a {T}heory of {S}oftware {P}rotection and {S}imulation by {O}blivious {RAM}s},
 booktitle = {Proceedings of the Nineteenth Annual ACM Symposium on Theory of Computing},
 series = {STOC '87},
 year = {1987},
 isbn = {0-89791-221-7},
 pages = {182--194},
 numpages = {13},
 url = {http://doi.acm.org/10.1145/28395.28416},
 doi = {10.1145/28395.28416},
 acmid = {28416},
} 

@inproceedings{HalversAndExpanders,
 author = {Ajtai, Mikl\'{o}s and Koml\'{o}s, J\'{a}nos  and Szemer{\'e}di, Endre},
 title = {Halvers and {E}xpanders ({S}witching)},
 booktitle = {Proceedings of the 33rd Annual Symposium on Foundations of Computer Science},
 series = {SFCS '92},
 year = {1992},
 isbn = {0-8186-2900-2},
 pages = {686--692},
 numpages = {7},
 url = {http://dx.doi.org/10.1109/SFCS.1992.267782},
 doi = {10.1109/SFCS.1992.267782},
 acmid = {1398866},
} 

@inproceedings{ObliviousSet,
 author = {Blanton, Marina and Aguiar, Everaldo},
 title = {Private and {O}blivious {S}et and {M}ultiset {O}perations},
 booktitle = {Proceedings of the 7th ACM Symposium on Information, Computer and Communications Security},
 series = {ASIACCS '12},
 year = {2012},
 isbn = {978-1-4503-1648-4},
 pages = {40--41},
 numpages = {2},
 url = {http://doi.acm.org/10.1145/2414456.2414479},
 doi = {10.1145/2414456.2414479},
 acmid = {2414479},
} 

@inproceedings{ProbNetworks,
 author = {Leighton, Tom and Ma, Yuan and Suel, Torsten},
 title = {On {P}robabilistic {N}etworks for {S}election, {M}erging, and {S}orting},
 booktitle = {Proceedings of the Seventh Annual ACM Symposium on Parallel Algorithms and Architectures},
 series = {SPAA '95},
 year = {1995},
 isbn = {0-89791-717-0},
 location = {Santa Barbara, California, USA},
 pages = {106--118},
 numpages = {13},
 url = {http://doi.acm.org/10.1145/215399.215429},
 doi = {10.1145/215399.215429},
 acmid = {215429},
}

@article{PairwiseSorting,
  title={The {P}airwise {S}orting {N}etwork},
  author={Parberry, Ian},
  journal={Parallel Processing Letters},
  volume={2},
  number={02n03},
  pages={205--211},
  year={1992},
}

@inproceedings{2Party,
 author = {Wang, Guan and Luo, Tongbo and Goodrich, Michael T. and Du, Wenliang and Zhu, Zutao},
 title = {Bureaucratic {P}rotocols for {S}ecure {T}wo-party {S}orting, {S}election, and {P}ermuting},
 booktitle = {Proceedings of the 5th ACM Symposium on Information, Computer and Communications Security},
 series = {ASIACCS '10},
 year = {2010},
 isbn = {978-1-60558-936-7},
 pages = {226--237},
 numpages = {12},
 url = {http://doi.acm.org/10.1145/1755688.1755716},
 doi = {10.1145/1755688.1755716},
 acmid = {1755716},
}

@inproceedings{VectorizationEvaluation,
 author = {Maleki, Saeed and Gao, Yaoqing and Garzar\'{a}n, Maria J. and Wong, Tommy and Padua, David A.},
 title = {An Evaluation of Vectorizing Compilers},
 booktitle = {Proceedings of the 2011 International Conference on Parallel Architectures and Compilation Techniques},
 series = {PACT '11},
 year = {2011},
 isbn = {978-0-7695-4566-0},
 pages = {372--382},
 numpages = {11},
 url = {http://dx.doi.org/10.1109/PACT.2011.68},
 doi = {10.1109/PACT.2011.68},
 acmid = {2121464},
} 

@article{VectorizingFortran,
 author = {Levine, David and Callahan, David and Dongarra, Jack},
 title = {Paper: A Comparative Study of Automatic Vectorizing Compilers},
 journal = {Parallel Comput.},
 issue_date = {December, 1991},
 volume = {17},
 number = {10-11},
 month = dec,
 year = {1991},
 issn = {0167-8191},
 pages = {1223--1244},
 numpages = {22},
 url = {http://dx.doi.org/10.1016/S0167-8191(05)80035-3},
 doi = {10.1016/S0167-8191(05)80035-3},
 acmid = {1746196},
}

@article{VectorizingMMX,
 author = {Sreraman, N. and Govindarajan, R.},
 title = {A Vectorizing Compiler for Multimedia Extensions},
 journal = {Int. J. Parallel Program.},
 issue_date = {August 2000},
 volume = {28},
 number = {4},
 month = aug,
 year = {2000},
 issn = {0885-7458},
 pages = {363--400},
 numpages = {38},
 url = {http://dx.doi.org/10.1023/A:1007559022013},
 doi = {10.1023/A:1007559022013},
 acmid = {608743},
} 

@inproceedings{Fairplay,
 author = {Ben-David, Assaf and Nisan, Noam and Pinkas, Benny},
 title = {FairplayMP: {A} {S}ystem for {S}ecure {M}ulti-party {C}omputation},
 booktitle = {Proceedings of the 15th ACM Conference on Computer and Communications Security},
 series = {CCS '08},
 year = {2008},
 isbn = {978-1-59593-810-7},
 pages = {257--266},
 numpages = {10},
 url = {http://doi.acm.org/10.1145/1455770.1455804},
 doi = {10.1145/1455770.1455804},
 acmid = {1455804},
}

@inproceedings{MultiParty,
 author = {Choi, Seung G. and Hwang, Kyung-Wook and Katz, Jonathan and Malkin, Tal and Rubenstein, Dan},
 title = {Secure {M}ulti-party {C}omputation of {B}oolean {C}ircuits with {A}pplications to {P}rivacy in {O}n-line {M}arketplaces},
 booktitle = {Proceedings of the 12th Conference on Topics in Cryptology},
 series = {CT-RSA'12},
 year = {2012},
 isbn = {978-3-642-27953-9},
 pages = {416--432},
 numpages = {17},
 url = {http://dx.doi.org/10.1007/978-3-642-27954-6_26},
 doi = {10.1007/978-3-642-27954-6_26},
 acmid = {2187293},
} 

@article{Paterson,
year={1990},
issn={0178-4617},
journal={Algorithmica},
volume={5},
number={1-4},
doi={10.1007/BF01840378},
title={Improved sorting networks withO(logN) depth},
url={http://dx.doi.org/10.1007/BF01840378},
author={Paterson, Mike S.},
pages={75-92},
}

@book{AKSLectureNotes,
  title={Lecture notes on the new {AKS} sorting network},
  author={Chv{\'a}tal, Va{\^s}ek},
  year={1992},
}

@article{kSorters,
  title={Constructing sorting networks from k-sorters},
  author={Parker, Bruce and Parberry, Ian},
  journal={Information Processing Letters},
  volume={33},
  number={3},
  pages={157--162},
  year={1989},
}

@inproceedings{ColumnSort,
 author = {Leighton, Tom},
 title = {Tight {B}ounds on the {C}omplexity of {P}arallel {S}orting},
 booktitle = {Proceedings of the Sixteenth Annual ACM Symposium on Theory of Computing},
 series = {STOC '84},
 year = {1984},
 isbn = {0-89791-133-4},
 pages = {71--80},
 numpages = {10},
 url = {http://doi.acm.org/10.1145/800057.808667},
 doi = {10.1145/800057.808667},
 acmid = {808667},
}

@techreport{DivideSortMerge,
 author = {Van Voorhis, David C.},
 title = {A {G}eneralization of the {D}ivide-sort-merge {S}trategy for {S}orting {N}etworks},
 year = {1971},
 source = {http://www.ncstrl.org:8900/ncstrl/servlet/search?formname=detail\&id=oai%3Ancstrlh%3Astan%3ASTAN%2F%2FCS-TR-71-237},
} 

@article{CacheOblivious,
 author = {Frigo, Matteo and Leiserson, Charles E. and Prokop, Harald and Ramachandran, Sridhar},
 title = {Cache-{O}blivious {A}lgorithms},
 journal = {ACM Trans. Algorithms},
 issue_date = {January 2012},
 volume = {8},
 number = {1},
 month = jan,
 year = {2012},
 issn = {1549-6325},
 pages = {4:1--4:22},
 articleno = {4},
 numpages = {22},
 url = {http://doi.acm.org/10.1145/2071379.2071383},
 doi = {10.1145/2071379.2071383},
 acmid = {2071383},
}



@inproceedings{MergingNetworkNotes,
 author = {Hong, Zhu and Sedgewick, Robert},
 title = {Notes on {M}erging {N}etworks ({P}relimiary {V}ersion)},
 booktitle = {Proceedings of the Fourteenth Annual ACM Symposium on Theory of Computing},
 series = {STOC '82},
 year = {1982},
 isbn = {0-89791-070-2},
 location = {San Francisco, California, USA},
 pages = {296--302},
 numpages = {7},
 url = {http://doi.acm.org/10.1145/800070.802204},
 doi = {10.1145/800070.802204},
 acmid = {802204},
} 

@techreport{NetworkLowerBound,
 author = {Van Voorhis, David C.},
 title = {A {L}ower {B}ound for {S}orting {N}etworks {T}hat {U}se the {D}ivide-sort-merge {S}trategy},
 year = {1971},
 source = {http://www.ncstrl.org:8900/ncstrl/servlet/search?formname=detail\&id=oai%3Ancstrlh%3Astan%3ASTAN%2F%2FCS-TR-71-238},
} 

@techreport{GPUCache,
    author = {Govindaraju, Naga K.  and Raghuvanshi, Nikunj and Henson, Michael and Tuft, David and Manocha,  Dinesh},
    title = {A {C}ache-{E}fficient {S}orting {A}lgorithm for {D}atabase and {D}ata {M}ining {C}omputations using {G}raphics {P}rocessors},
    year = {2005},
    source = {http://citeseerx.ist.psu.edu/viewdoc/summary?doi=10.1.1.103.5502}
}

@article{CacheObliviousEngineering,
 author = {Brodal, Gerth St{\o}lting and Fagerberg, Rolf and Vinther, Kristoffer},
 title = {Engineering a {C}ache-oblivious {S}orting {A}lgorithm},
 journal = {J. Exp. Algorithmics},
 issue_date = {2008},
 volume = {12},
 month = jun,
 year = {2008},
 issn = {1084-6654},
 pages = {2.2:1--2.2:23},
 articleno = {2.2},
 numpages = {23},
 url = {http://doi.acm.org/10.1145/1227161.1227164},
 doi = {10.1145/1227161.1227164},
 acmid = {1227164}
} 

@article{CacheTuning,
 author = {Burcsi, P{\'e}ter and Kov\'{a}cs, Attila},
 title = {On the {I}mportance of {C}ache {T}uning in a {C}ache-aware {A}lgorithm: {A} {C}ase {S}tudy},
 journal = {Comput. Math. Appl.},
 issue_date = {March, 2007},
 volume = {53},
 number = {6},
 month = mar,
 year = {2007},
 issn = {0898-1221},
 pages = {880--885},
 numpages = {6},
 url = {http://dx.doi.org/10.1016/j.camwa.2007.01.004},
 doi = {10.1016/j.camwa.2007.01.004},
 acmid = {1244718},
}

@inproceedings{ParallelSortingOMP,
 author = {Wu, Wei and Wu, Pin and Shang, Weilie and Fang, Youtong},
 title = {Parallel {S}orting by {A}pproximate {S}plitting for {M}ulti-core {P}rocessors},
 booktitle = {Proceedings of the 2010 Third International Joint Conference on Computational Science and Optimization - Volume 02},
 series = {CSO '10},
 year = {2010},
 isbn = {978-0-7695-4030-6},
 pages = {308--311},
 numpages = {4},
 url = {http://dx.doi.org/10.1109/CSO.2010.72},
 doi = {10.1109/CSO.2010.72},
 acmid = {1845661},
}  

@article{OMPIntro,
 author = {Dagum, Leonardo and Menon, Ramesh},
 title = {Open{MP}: {A}n {I}ndustry-{S}tandard {API} for {S}hared-{M}emory {P}rogramming},
 journal = {IEEE Comput. Sci. Eng.},
 issue_date = {January 1998},
 volume = {5},
 number = {1},
 month = jan,
 year = {1998},
 issn = {1070-9924},
 pages = {46--55},
 numpages = {10},
 url = {http://dx.doi.org/10.1109/99.660313},
 doi = {10.1109/99.660313},
 acmid = {615542},
}


@inproceedings{OMPCache,
 author = {Smeds, Nils},
 title = {Open{MP} {A}pplication {T}uning {U}sing {H}ardware {P}erformance {C}ounters},
 booktitle = {Proceedings of the OpenMP Applications and Tools 2003 International Conference on OpenMP Shared Memory Parallel Programming},
 series = {WOMPAT'03},
 year = {2003},
 isbn = {3-540-40435-X},
 pages = {260--270},
 numpages = {11},
 url = {http://dl.acm.org/citation.cfm?id=1761900.1761926},
 acmid = {1761926},
} 




@misc{OpenMP,
  title={Open{MP} {A}pplication {P}rogramming {I}nterface 3.1},
  author={OpenMP, ARB},
  year={2011}
}

@incollection{Cormen,
 author = {Cormen, Thomas H. and Leiserson, Charles E. and Rivest, Ronald L. and Stein, Clifford},
 title = {Introduction to {A}lgorithms, {T}hird {E}dition},
 year = {2009},
 isbn = {0262033844, 9780262033848},
 chapter = {4.5},
 edition = {3rd},
 publisher = {The MIT Press},
} 


@book{Knuth3,
 author = {Knuth, Donald E.},
 title = {The {A}rt of {C}omputer {P}rogramming,  {V}olume 3: {(2Nd Ed.)} {S}orting and {S}earching},
 year = {1998},
 isbn = {0-201-89685-0},
 publisher = {Addison Wesley Longman Publishing Co., Inc.},
}

@misc{fastrand,
  author =       {Kipp Owens and Rajiv Parikh},
  title =        {Fast {R}andom {N}umber {G}enerator on the {I}ntel\textsuperscript{\textregistered} {P}entium\textsuperscript{\textregistered} 4 {P}rocessor},
  year =         {2012},
  url =          {https://software.intel.com/en-us/articles/fast-random-number-generator-on-the-intel-pentiumr-4-processor},
}


@misc{BitwiseMinMax,
  author =       {Sean Eron Anderson},
  title =        {Bit {T}widdling {H}acks},
  url =          {http://www.graphics.stanford.edu/~seander/bithacks.html#IntegerMinOrMax},
}
